%
%  An example of a bibliographical database for bibTeX
%
%  Recommended software for maintenance of *.bib files:
%    JabRef, http://jabref.sourceforge.net/
%
%  BEWARE:
%
%    *  If a name contains a capital letter, which must be kept such,
%       use curly brackets ({T}hailand, {HIV}).
%
%  ===========================================================================

@BOOK{Andel07,
  title = {Základy matematické statistiky},
  publisher = {Matfyzpress},
  year = {2007},
  author = {Anděl, J.},
  address = {Praha},
  series = {Druhé opravené vydání},
  isbn = {80-7378-001-1}
}

@BOOK{Andel98,
  title = {Statistické metody},
  publisher = {Matfyzpress},
  year = {1998},
  author = {Anděl, J.},
  address = {Praha},
  series = {Druhé přepracované vydání},
  isbn = {80-85863-27-8}
}

@Misc{Prask,
  title        = {{Prask}},
  howpublished = {\url{https://prask.ksp.sk}},	
}

@Misc{Emojicode,
  title        = {{Emojicode}},
  howpublished = {\url{https://www.emojicode.org/}},	
}

@Misc{JSFiddle,
  title        = {{JSFiddle}},
  howpublished = {\url{https://jsfiddle.net/}},	
}

@Misc{Photopea,
  title        = {{Photopea}},
  howpublished = {\url{https://photopea.com/}},	
}

@Misc{Hangouts,
  title        = {{Google Hangouts}},
  howpublished = {\url{https://hangouts.google.com/}},	
}

@Misc{Jison,
  title        = {{Jison}},
  howpublished = {\url{https://zaa.ch/jison/}},	
}